<?xml version="1.0" encoding="UTF-8"?><collection xmlns="http://www.loc.gov/MARC21/slim"><record><leader>00581nam--2200205-u-4500</leader><controlfield tag="001">000052393</controlfield><controlfield tag="002">20161230</controlfield><controlfield tag="005">20161230201050</controlfield><controlfield tag="008">100702s1000------------r-----000-0-rus-d</controlfield><datafield ind1=" " ind2=" " tag="040"><subfield code="a">IFIN-HH</subfield></datafield><datafield ind1=" " ind2=" " tag="041"><subfield code="a">rus</subfield></datafield><datafield ind1=" " ind2=" " tag="080"><subfield code="a">531.3</subfield></datafield><datafield ind1="1" ind2=" " tag="100"><subfield code="a">Zukas, Jonas A</subfield></datafield><datafield ind1="1" ind2="0" tag="245"><subfield code="a">Dinamika idara</subfield><subfield code="c">Jonas A. Zukas, Theodore Nicholas, Hallock F. Swift, Longin B. Greszczuk, Donald R. Curran</subfield></datafield><datafield ind1=" " ind2=" " tag="260"><subfield code="a">Moskva</subfield><subfield code="b">Mir</subfield><subfield code="c">1985</subfield></datafield><datafield ind1=" " ind2=" " tag="300"><subfield code="a">296 p</subfield></datafield><datafield ind1=" " ind2=" " tag="500"><subfield code="a">Tit. orig. i lb. engleza: Impact Dynamics</subfield></datafield><datafield ind1="1" ind2=" " tag="700"><subfield code="a">Curran, Donald R</subfield></datafield><datafield ind1=" " ind2=" " tag="852"><subfield code="a">73270</subfield><subfield code="c">531</subfield></datafield><datafield ind1=" " ind2=" " tag="CAT"><subfield code="a">Sys</subfield><subfield code="c">20100702</subfield><subfield code="h">095834</subfield></datafield></record></collection>